%% This BibTeX bibliography file was created using BibDesk.
%% https://bibdesk.sourceforge.io/

%% Created for Francesca Gauci at 2019-09-14 15:51:38 +0200 


%% Saved with string encoding Unicode (UTF-8) 



@url{lees-miller-hammersley,
	Author = {John Lees-Miller and John Hammersley},
	Date-Added = {2019-09-13 21:06:32 +0200},
	Date-Modified = {2019-09-13 21:21:33 +0200},
	Lastchecked = {August 18, 2017},
	Title = {Overleaf website},
	Url = {https://www.overleaf.com},
	Bdsk-Url-1 = {https://www.overleaf.com}}

@url{lees-miller,
	Author = {John Lees-Miller},
	Date-Added = {2019-09-13 21:04:57 +0200},
	Date-Modified = {2019-09-13 21:21:25 +0200},
	Lastchecked = {August 18, 2017},
	Title = {Free & interactive online introduction tos latex},
	Url = {https://www.overleaf.com/learn/latex/Free_online_introduction_to_LaTeX_(part_1)},
	Year = {2015},
	Bdsk-Url-1 = {https://www.overleaf.com/learn/latex/Free_online_introduction_to_LaTeX_(part_1)}}

@book{lamport,
	Address = {Reading, Massachusetts},
	Author = {Leslie Lamport},
	Date-Added = {2019-09-13 21:02:21 +0200},
	Date-Modified = {2019-09-13 21:04:38 +0200},
	Publisher = {Addison-Wesley, cop},
	Title = {LATEX: a document preparation system: a user's guide and reference manual},
	Year = {1994}}

@article{alissandrakis,
	Author = {Aris Alissandrakis},
	Date-Added = {2019-09-13 21:00:03 +0200},
	Date-Modified = {2019-09-13 21:01:27 +0200},
	Journal = {Name of the journal},
	Number = {2},
	Pages = {245-321},
	Title = {Title of the article},
	Volume = {4},
	Year = {2016}}

@url{latexproject,
	Date-Added = {2019-09-13 20:56:12 +0200},
	Date-Modified = {2019-09-13 21:21:46 +0200},
	Lastchecked = {18 August, 2017},
	Title = {The LaTeX project website},
	Url = {https://www.latex-project.org},
	Bdsk-Url-1 = {https://www.latex-project.org}}
